<?xml version="1.0" encoding="UTF-8"?><record xmlns="http://www.loc.gov/MARC21/slim" xmlns:cinclude="http://apache.org/cocoon/include/1.0" xmlns:zs="http://www.loc.gov/zing/srw/">
  <leader>00438cz  a2200133n  4500</leader>
  <controlfield tag="001">n  00077855 </controlfield>
  <controlfield tag="003">DLC</controlfield>
  <controlfield tag="005">20130320075308.0</controlfield>
  <controlfield tag="008">001219n| azannaabn          |n aaa      </controlfield>
  <datafield tag="010" ind1=" " ind2=" ">
    <subfield code="a">n  00077855 </subfield>
  </datafield>
  <datafield tag="040" ind1=" " ind2=" ">
    <subfield code="a">DLC</subfield>
    <subfield code="b">eng</subfield>
    <subfield code="e">rda</subfield>
    <subfield code="c">DLC</subfield>
    <subfield code="d">DLC</subfield>
  </datafield>
  <datafield tag="100" ind1="1" ind2=" ">
    <subfield code="a">Golden, Jack</subfield>
    <subfield code="c">(Conductor)</subfield>
  </datafield>
  <datafield tag="667" ind1=" " ind2=" ">
    <subfield code="a">Cannot identify with Golden, John, 1874-1955, n  86053358</subfield>
  </datafield>
  <datafield tag="670" ind1=" " ind2=" ">
    <subfield code="a">Richman, Harry. Harry Richman souvenir album, 1947:</subfield>
    <subfield code="b">container (Jack Golden, conductor)</subfield>
  </datafield>
</record>